@Article{Rinderknecht_2014a,
  author   = {Christian Rinderknecht},
  title    = {A Survey on Teaching and Learning Recursive Programming},
  journal  = {Informatics in Education},
  year     = 2014,
  month    = apr,
  volume   = 13,
  number   = 1,
  pages = {87--119}
}
